@article{alex1994example,
  title={Relevant paper that ideally cites people I can find at conferences},
  author={Loftus, Alexander and Bau, David},
  journal={Neural Information Processing Systems},
  year={2024},
}